%YAML 1.1
%TAG !u! tag:unity3d.com,2011:
--- !u!1 &3139114601963891584
GameObject:
  m_ObjectHideFlags: 0
  m_CorrespondingSourceObject: {fileID: 0}
  m_PrefabInstance: {fileID: 0}
  m_PrefabAsset: {fileID: 0}
  serializedVersion: 6
  m_Component:
  - component: {fileID: 5241180163019977704}
  - component: {fileID: 8401765053944800629}
  - component: {fileID: 9074901610879767754}
  - component: {fileID: 1493143922836449683}
  - component: {fileID: 7389566291897886459}
  - component: {fileID: 3748575242952494792}
  - component: {fileID: 9080456638626609481}
  m_Layer: 8
  m_Name: Blue Bullet
  m_TagString: Untagged
  m_Icon: {fileID: 0}
  m_NavMeshLayer: 0
  m_StaticEditorFlags: 0
  m_IsActive: 1
--- !u!4 &5241180163019977704
Transform:
  m_ObjectHideFlags: 0
  m_CorrespondingSourceObject: {fileID: 0}
  m_PrefabInstance: {fileID: 0}
  m_PrefabAsset: {fileID: 0}
  m_GameObject: {fileID: 3139114601963891584}
  m_LocalRotation: {x: 0, y: 0, z: 0, w: 1}
  m_LocalPosition: {x: 0.00000023841858, y: 1.26, z: 2.3}
  m_LocalScale: {x: 0.3, y: 0.3, z: 0.3}
  m_Children:
  - {fileID: 8648468703774655953}
  m_Father: {fileID: 0}
  m_RootOrder: 0
  m_LocalEulerAnglesHint: {x: 0, y: 0, z: 0}
--- !u!33 &8401765053944800629
MeshFilter:
  m_ObjectHideFlags: 0
  m_CorrespondingSourceObject: {fileID: 0}
  m_PrefabInstance: {fileID: 0}
  m_PrefabAsset: {fileID: 0}
  m_GameObject: {fileID: 3139114601963891584}
  m_Mesh: {fileID: 10207, guid: 0000000000000000e000000000000000, type: 0}
--- !u!23 &9074901610879767754
MeshRenderer:
  m_ObjectHideFlags: 0
  m_CorrespondingSourceObject: {fileID: 0}
  m_PrefabInstance: {fileID: 0}
  m_PrefabAsset: {fileID: 0}
  m_GameObject: {fileID: 3139114601963891584}
  m_Enabled: 0
  m_CastShadows: 1
  m_ReceiveShadows: 1
  m_DynamicOccludee: 1
  m_MotionVectors: 1
  m_LightProbeUsage: 1
  m_ReflectionProbeUsage: 1
  m_RayTracingMode: 2
  m_RenderingLayerMask: 1
  m_RendererPriority: 0
  m_Materials:
  - {fileID: 2100000, guid: 9711f456ab8e01944868cac9cf0a003b, type: 2}
  m_StaticBatchInfo:
    firstSubMesh: 0
    subMeshCount: 0
  m_StaticBatchRoot: {fileID: 0}
  m_ProbeAnchor: {fileID: 0}
  m_LightProbeVolumeOverride: {fileID: 0}
  m_ScaleInLightmap: 1
  m_ReceiveGI: 1
  m_PreserveUVs: 0
  m_IgnoreNormalsForChartDetection: 0
  m_ImportantGI: 0
  m_StitchLightmapSeams: 1
  m_SelectedEditorRenderState: 3
  m_MinimumChartSize: 4
  m_AutoUVMaxDistance: 0.5
  m_AutoUVMaxAngle: 89
  m_LightmapParameters: {fileID: 0}
  m_SortingLayerID: 0
  m_SortingLayer: 0
  m_SortingOrder: 0
--- !u!135 &1493143922836449683
SphereCollider:
  m_ObjectHideFlags: 0
  m_CorrespondingSourceObject: {fileID: 0}
  m_PrefabInstance: {fileID: 0}
  m_PrefabAsset: {fileID: 0}
  m_GameObject: {fileID: 3139114601963891584}
  m_Material: {fileID: 0}
  m_IsTrigger: 0
  m_Enabled: 1
  serializedVersion: 2
  m_Radius: 0.5
  m_Center: {x: 0, y: 0, z: 0}
--- !u!54 &7389566291897886459
Rigidbody:
  m_ObjectHideFlags: 0
  m_CorrespondingSourceObject: {fileID: 0}
  m_PrefabInstance: {fileID: 0}
  m_PrefabAsset: {fileID: 0}
  m_GameObject: {fileID: 3139114601963891584}
  serializedVersion: 2
  m_Mass: 0.03
  m_Drag: 0.2
  m_AngularDrag: 10
  m_UseGravity: 0
  m_IsKinematic: 0
  m_Interpolate: 0
  m_Constraints: 0
  m_CollisionDetection: 0
--- !u!114 &3748575242952494792
MonoBehaviour:
  m_ObjectHideFlags: 0
  m_CorrespondingSourceObject: {fileID: 0}
  m_PrefabInstance: {fileID: 0}
  m_PrefabAsset: {fileID: 0}
  m_GameObject: {fileID: 3139114601963891584}
  m_Enabled: 1
  m_EditorHideFlags: 0
  m_Script: {fileID: 11500000, guid: 2d60553df7a467d4b83ed2286eef0477, type: 3}
  m_Name: 
  m_EditorClassIdentifier: 
  _rb: {fileID: 7389566291897886459}
  _bulletSpeed: 40
  _damage: 45
  destroyAfterSecond: 10
  destroyDelay: 1
  OnBulletDestroy:
    m_PersistentCalls:
      m_Calls:
      - m_Target: {fileID: 9080456638626609481}
        m_MethodName: SetTrigger
        m_Mode: 5
        m_Arguments:
          m_ObjectArgument: {fileID: 0}
          m_ObjectArgumentAssemblyTypeName: UnityEngine.Object, UnityEngine
          m_IntArgument: 0
          m_FloatArgument: 0
          m_StringArgument: destoy
          m_BoolArgument: 0
        m_CallState: 2
  _slowDuration: 5
  _slowPercentage: 0.6
--- !u!95 &9080456638626609481
Animator:
  serializedVersion: 3
  m_ObjectHideFlags: 0
  m_CorrespondingSourceObject: {fileID: 0}
  m_PrefabInstance: {fileID: 0}
  m_PrefabAsset: {fileID: 0}
  m_GameObject: {fileID: 3139114601963891584}
  m_Enabled: 1
  m_Avatar: {fileID: 0}
  m_Controller: {fileID: 9100000, guid: 2859f6be3becc364d815a5c601dae50c, type: 2}
  m_CullingMode: 0
  m_UpdateMode: 0
  m_ApplyRootMotion: 0
  m_LinearVelocityBlending: 0
  m_WarningMessage: 
  m_HasTransformHierarchy: 1
  m_AllowConstantClipSamplingOptimization: 1
  m_KeepAnimatorControllerStateOnDisable: 0
--- !u!1001 &242869733870130986
PrefabInstance:
  m_ObjectHideFlags: 0
  serializedVersion: 2
  m_Modification:
    m_TransformParent: {fileID: 5241180163019977704}
    m_Modifications:
    - target: {fileID: 8888787120703378170, guid: 576b913e8cdfc43488e4ce6d085c3a97,
        type: 3}
      propertyPath: m_Name
      value: Blue
      objectReference: {fileID: 0}
    - target: {fileID: 8888787120703378171, guid: 576b913e8cdfc43488e4ce6d085c3a97,
        type: 3}
      propertyPath: m_RootOrder
      value: 0
      objectReference: {fileID: 0}
    - target: {fileID: 8888787120703378171, guid: 576b913e8cdfc43488e4ce6d085c3a97,
        type: 3}
      propertyPath: m_LocalScale.x
      value: 0.35
      objectReference: {fileID: 0}
    - target: {fileID: 8888787120703378171, guid: 576b913e8cdfc43488e4ce6d085c3a97,
        type: 3}
      propertyPath: m_LocalScale.y
      value: 0.35
      objectReference: {fileID: 0}
    - target: {fileID: 8888787120703378171, guid: 576b913e8cdfc43488e4ce6d085c3a97,
        type: 3}
      propertyPath: m_LocalScale.z
      value: 0.35
      objectReference: {fileID: 0}
    - target: {fileID: 8888787120703378171, guid: 576b913e8cdfc43488e4ce6d085c3a97,
        type: 3}
      propertyPath: m_LocalPosition.x
      value: 0
      objectReference: {fileID: 0}
    - target: {fileID: 8888787120703378171, guid: 576b913e8cdfc43488e4ce6d085c3a97,
        type: 3}
      propertyPath: m_LocalPosition.y
      value: 0.047
      objectReference: {fileID: 0}
    - target: {fileID: 8888787120703378171, guid: 576b913e8cdfc43488e4ce6d085c3a97,
        type: 3}
      propertyPath: m_LocalPosition.z
      value: 0
      objectReference: {fileID: 0}
    - target: {fileID: 8888787120703378171, guid: 576b913e8cdfc43488e4ce6d085c3a97,
        type: 3}
      propertyPath: m_LocalRotation.w
      value: 1
      objectReference: {fileID: 0}
    - target: {fileID: 8888787120703378171, guid: 576b913e8cdfc43488e4ce6d085c3a97,
        type: 3}
      propertyPath: m_LocalRotation.x
      value: 0
      objectReference: {fileID: 0}
    - target: {fileID: 8888787120703378171, guid: 576b913e8cdfc43488e4ce6d085c3a97,
        type: 3}
      propertyPath: m_LocalRotation.y
      value: 0
      objectReference: {fileID: 0}
    - target: {fileID: 8888787120703378171, guid: 576b913e8cdfc43488e4ce6d085c3a97,
        type: 3}
      propertyPath: m_LocalRotation.z
      value: 0
      objectReference: {fileID: 0}
    - target: {fileID: 8888787120703378171, guid: 576b913e8cdfc43488e4ce6d085c3a97,
        type: 3}
      propertyPath: m_LocalEulerAnglesHint.x
      value: 0
      objectReference: {fileID: 0}
    - target: {fileID: 8888787120703378171, guid: 576b913e8cdfc43488e4ce6d085c3a97,
        type: 3}
      propertyPath: m_LocalEulerAnglesHint.y
      value: 0
      objectReference: {fileID: 0}
    - target: {fileID: 8888787120703378171, guid: 576b913e8cdfc43488e4ce6d085c3a97,
        type: 3}
      propertyPath: m_LocalEulerAnglesHint.z
      value: 0
      objectReference: {fileID: 0}
    - target: {fileID: 8888787120986156520, guid: 576b913e8cdfc43488e4ce6d085c3a97,
        type: 3}
      propertyPath: m_LocalPosition.x
      value: 0
      objectReference: {fileID: 0}
    - target: {fileID: 8888787120986156520, guid: 576b913e8cdfc43488e4ce6d085c3a97,
        type: 3}
      propertyPath: m_LocalPosition.y
      value: -0.111
      objectReference: {fileID: 0}
    - target: {fileID: 8888787120986156520, guid: 576b913e8cdfc43488e4ce6d085c3a97,
        type: 3}
      propertyPath: m_LocalPosition.z
      value: 0
      objectReference: {fileID: 0}
    - target: {fileID: 8888787120986156521, guid: 576b913e8cdfc43488e4ce6d085c3a97,
        type: 3}
      propertyPath: m_Enabled
      value: 0
      objectReference: {fileID: 0}
    - target: {fileID: 8888787121639599293, guid: 576b913e8cdfc43488e4ce6d085c3a97,
        type: 3}
      propertyPath: m_LocalScale.x
      value: 1
      objectReference: {fileID: 0}
    - target: {fileID: 8888787121639599293, guid: 576b913e8cdfc43488e4ce6d085c3a97,
        type: 3}
      propertyPath: m_LocalScale.y
      value: 1
      objectReference: {fileID: 0}
    - target: {fileID: 8888787121639599293, guid: 576b913e8cdfc43488e4ce6d085c3a97,
        type: 3}
      propertyPath: m_LocalScale.z
      value: 1
      objectReference: {fileID: 0}
    - target: {fileID: 8888787121639599293, guid: 576b913e8cdfc43488e4ce6d085c3a97,
        type: 3}
      propertyPath: m_LocalPosition.x
      value: 0
      objectReference: {fileID: 0}
    - target: {fileID: 8888787121639599293, guid: 576b913e8cdfc43488e4ce6d085c3a97,
        type: 3}
      propertyPath: m_LocalPosition.y
      value: 0.76
      objectReference: {fileID: 0}
    - target: {fileID: 8888787121639599293, guid: 576b913e8cdfc43488e4ce6d085c3a97,
        type: 3}
      propertyPath: m_LocalPosition.z
      value: 0
      objectReference: {fileID: 0}
    - target: {fileID: 8888787121639599295, guid: 576b913e8cdfc43488e4ce6d085c3a97,
        type: 3}
      propertyPath: ShapeModule.m_Scale.x
      value: 0.4
      objectReference: {fileID: 0}
    - target: {fileID: 8888787121639599295, guid: 576b913e8cdfc43488e4ce6d085c3a97,
        type: 3}
      propertyPath: ShapeModule.m_Scale.y
      value: 0.4
      objectReference: {fileID: 0}
    - target: {fileID: 8888787121639599295, guid: 576b913e8cdfc43488e4ce6d085c3a97,
        type: 3}
      propertyPath: ShapeModule.m_Scale.z
      value: 0.4
      objectReference: {fileID: 0}
    - target: {fileID: 8888787121639599295, guid: 576b913e8cdfc43488e4ce6d085c3a97,
        type: 3}
      propertyPath: InitialModule.startSize.scalar
      value: 0.3
      objectReference: {fileID: 0}
    - target: {fileID: 8888787121639599295, guid: 576b913e8cdfc43488e4ce6d085c3a97,
        type: 3}
      propertyPath: InitialModule.startSize.minScalar
      value: 0.2
      objectReference: {fileID: 0}
    m_RemovedComponents:
    - {fileID: 8888787120986156521, guid: 576b913e8cdfc43488e4ce6d085c3a97, type: 3}
  m_SourcePrefab: {fileID: 100100000, guid: 576b913e8cdfc43488e4ce6d085c3a97, type: 3}
--- !u!4 &8648468703774655953 stripped
Transform:
  m_CorrespondingSourceObject: {fileID: 8888787120703378171, guid: 576b913e8cdfc43488e4ce6d085c3a97,
    type: 3}
  m_PrefabInstance: {fileID: 242869733870130986}
  m_PrefabAsset: {fileID: 0}
